<?xml version='1.0' encoding='UTF-8'?>
<record xmlns="http://www.loc.gov/MARC21/slim">
  <leader>01589cam a2200361 a 4500</leader>
  <controlfield tag="001">878562</controlfield>
  <controlfield tag="003">NjP</controlfield>
  <controlfield tag="005">20171025092940.0</controlfield>
  <controlfield tag="008">940404s1989    ir       b    001 0 ara d</controlfield>
  <datafield tag="024" ind1="7" ind2=" ">
    <subfield code="a">princeton_aco002715</subfield>
    <subfield code="2">local</subfield>
  </datafield>
  <datafield ind1=" " ind2=" " tag="035">
    <subfield code="a">(OCoLC)ocn176403932</subfield>
  </datafield>
  <datafield ind1=" " ind2=" " tag="040">
    <subfield code="a">NjP</subfield>
    <subfield code="c">PUL</subfield>
    <subfield code="d">PUL</subfield>
  </datafield>
  <datafield ind1=" " ind2=" " tag="035">
    <subfield code="a">(OCoLC)176403932</subfield>
  </datafield>
  <datafield ind1=" " ind2=" " tag="035">
    <subfield code="a">(CStRLIN)NJPG94-B18339</subfield>
  </datafield>
  <datafield ind1=" " ind2=" " tag="035">
    <subfield code="9">CBB7761TS</subfield>
  </datafield>
  <datafield ind1=" " ind2=" " tag="035">
    <subfield code="a">(NjP)878562</subfield>
  </datafield>
  <datafield ind1=" " ind2=" " tag="079">
    <subfield code="a">ocm26843095</subfield>
    <subfield code="z">ocm30345075</subfield>
    <subfield code="z">ocm49679980</subfield>
    <subfield code="z">ocm30345075</subfield>
    <subfield code="z">ocm49679980</subfield>
  </datafield>
  <datafield ind1=" " ind2=" " tag="049">
    <subfield code="a">PULL</subfield>
  </datafield>
  <datafield ind1="1" ind2=" " tag="100">
    <subfield code="6">880-01</subfield>
    <subfield code="a">ʻĀmilī, Jaʻfar Murtaḍá.</subfield>
  </datafield>
  <datafield ind1="1" ind2="0" tag="245">
    <subfield code="6">880-02</subfield>
    <subfield code="a">Ḥaqāʼiq Hāmmah ḥawla al-Qurʼān al-karīm /</subfield>
    <subfield code="c">Jaʻfar Murtaḍá al-ʻĀmilī.</subfield>
  </datafield>
  <datafield ind1=" " ind2=" " tag="250">
    <subfield code="6">880-03</subfield>
    <subfield code="a">al-Ṭabʻah 1.</subfield>
  </datafield>
  <datafield ind1=" " ind2=" " tag="260">
    <subfield code="6">880-04</subfield>
    <subfield code="a">[Qum] :</subfield>
    <subfield code="b">Muʼassasat al-Nashr al-Islāmī al-Tābiʻah li-Jamāʻat al-Mudarrisīn bi-Qum al-Musharrafah,</subfield>
    <subfield code="c">1410 [1989 or 1990]</subfield>
  </datafield>
  <datafield ind1=" " ind2=" " tag="300">
    <subfield code="a">477 p. ;</subfield>
    <subfield code="c">24 cm.</subfield>
  </datafield>
  <datafield ind1=" " ind2=" " tag="500">
    <subfield code="a">"553."</subfield>
  </datafield>
  <datafield ind1=" " ind2=" " tag="504">
    <subfield code="a">Includes bibliographical references (p. [445]-465) and indexes.</subfield>
  </datafield>
  <datafield ind1="0" ind2="0" tag="630">
    <subfield code="a">Qurʼan</subfield>
    <subfield code="x">Hermeneutics.</subfield>
    <subfield code="0">http://id.loc.gov/authorities/subjects/sh85072967</subfield>
  </datafield>
  <datafield ind1="1" ind2=" " tag="880">
    <subfield code="6">100-01/r</subfield>
    <subfield code="a">عاملي، جعفر مرتضى.</subfield>
  </datafield>
  <datafield ind1="1" ind2="0" tag="880">
    <subfield code="6">245-02/r</subfield>
    <subfield code="a">حقائق هامة حول القرآن الكريم /</subfield>
    <subfield code="c">جعفر مرتضى العاملي.</subfield>
  </datafield>
  <datafield ind1=" " ind2=" " tag="880">
    <subfield code="6">250-03/r</subfield>
    <subfield code="a">الطبعة 1.</subfield>
  </datafield>
  <datafield ind1=" " ind2=" " tag="880">
    <subfield code="6">260-04/r</subfield>
    <subfield code="a">[قم] :</subfield>
    <subfield code="b">مؤسسة النشر الاسلامي التابعة لجماعة المدرسين بقم المشرفة،</subfield>
    <subfield code="c">1410 [1989 or 1990]</subfield>
  </datafield>
  <datafield ind1=" " ind2=" " tag="998">
    <subfield code="a">04/18/94</subfield>
    <subfield code="s">9114</subfield>
    <subfield code="n">NjP</subfield>
    <subfield code="w">NJPG94B18339</subfield>
    <subfield code="d">04/04/94</subfield>
    <subfield code="c">KC</subfield>
    <subfield code="b">KC</subfield>
    <subfield code="i">940418</subfield>
    <subfield code="l">NJPG</subfield>
  </datafield>
  <datafield ind1=" " ind2=" " tag="911">
    <subfield code="a">19940428</subfield>
  </datafield>
  <datafield ind1=" " ind2=" " tag="912">
    <subfield code="a">19940418000000.0</subfield>
  </datafield>
  <datafield ind1=" " ind2=" " tag="994">
    <subfield code="a">C0</subfield>
    <subfield code="b">PUL</subfield>
  </datafield>
  <datafield ind1=" " ind2=" " tag="999">
    <subfield code="a">878562</subfield>
  </datafield>
  <datafield ind1="0" ind2="0" tag="852">
    <subfield code="0">1002987</subfield>
    <subfield code="b">rcppa</subfield>
    <subfield code="t">1</subfield>
    <subfield code="h">BP130.2</subfield>
    <subfield code="i">.A665 1989</subfield>
    <subfield code="x">tr fr arab</subfield>
  </datafield>
  <datafield ind1=" " ind2=" " tag="959">
    <subfield code="a">2000-06-13 00:00:00 -0500</subfield>
  </datafield>
</record>
